@online{dataperday,
    author    = "IBM",
    title     = "10 Key Marketing Trends for 2017",
    url       = "https://www-01.ibm.com/common/ssi/cgi-bin/ssialias?htmlfid=WRL12345USEN",
    year = "2017"
}

@online{dataneversleeps5,
    author    = "DOMO",
    title     = "Data Never Sleeps 5.0",
    url       = "https://www.domo.com/learn/data-never-sleeps-5",
    year = "2017"
}

@online{dataneversleeps6,
    author    = "DOMO",
    title     = "Data Never Sleeps 6.0",
    url       = "https://www.domo.com/learn/data-never-sleeps-6",
    year = "2018"
}

@online{googlesearch,
    author    = "Internet Live Stats",
    title     = "Google Search Statistics",
    url       = "http://www.internetlivestats.com/google-search-statistics/",
    year = "2019"
}

@online{googleexplained,
    author    = "Jon Mitchell",
    title     = "How Google Search Really Works",
    url       = "http://readwrite.com/2012/02/29/interview_changing_engines_mid-flight_qa_with_goog",
    year = "2012"
}

@online{buildinggoogle,
    author    = "Jeff Dean",
    title     = "Building Software Systems At Google and Lessons Learned",
    url       = "http://www.youtube.com/watch?v=modXC5IWTJI",
    year = "2010"
}

@online{googleanswerswiki,
    author    = "Wikipedia",
    title     = "Google Answers",
    url       = "https://pt.wikipedia.org/wiki/Google_Answers",
    year = "2018"
}

@online{yahooanswerswiki,
    author    = "Wikipedia",
    title     = "Yahoo Respostas",
    url       = "https://pt.wikipedia.org/wiki/Yahoo!_Respostas",
    year = "2018"
}

@online{webtransition,
    author    = "Joice",
    title     = "Web 1.0, Web 2.0 e Web 3.0… Enfim, o que é isso?",
    url       = "http://ex2.com.br/blog/web-1-0-web-2-0-e-web-3-0-enfim-o-que-e-isso/",
    year = "2013"
}

@online{quoravsyahoo,
    author    = "Koustubh Pareek",
    title     = "What is the difference between Quora and Yahoo Answers, etc.?",
    url       = "https://www.quora.com/What-is-the-difference-between-Quora-and-Yahoo-Answers-etc",
    year = "2017"
}

@online{quorarevenuemodel,
    author    = "Aashish Pahwa",
    title     = "Quora Revenue Model | How does Quora make money?",
    url       = "https://www.feedough.com/quora-business-model/",
    year = "2017"
}

@online{codinghorror,
    author    = "Jeff Attwood",
    title     = "The Gamification",
    url       = "https://blog.codinghorror.com/the-gamification/",
    year = "2011"
}

@online{stemmingdef,
    author    = "Cambridge University",
    title     = "Stemming and lemmatization",
    url       = "https://nlp.stanford.edu/IR-book/html/htmledition/stemming-and-lemmatization-1.html",
    year = "2009"
}

@article{porterstemming,
	author = {Martin F. Porter},
	title = {An algorithm for suffix stripping},
	journal = {Program},
	volume = {14},
	number = {3},
	year = {1980},
	pages = {130-137}
}

@online{unicodesegmentation,
    author    = "Mark Davis",
    title     = "Unicode Text Segmentation",
    url       = "http://unicode.org/reports/tr29/",
    year = "2019"
}

%  
@mastersthesis{Fred2008,
    author = {Durão, Frederico A.},
    title     = "Applying a Semantic Layer in a Source Code Retrieval Tool",
    school    = "Universidade Federal de Pernambuco",
    year = {2008},
}

@article{Ruthven2003,
	author = {Ruthven, Ian and Lalmas, Mounia},
	title = {A Survey on the Use of Relevance Feedback for Information Access Systems},
	journal = {Knowl. Eng. Rev.},
	issue_date = {June 2003},
	volume = {18},
	number = {2},
	month = jun,
	year = {2003},
	issn = {0269-8889},
	pages = {95--145},
	numpages = {51},
	url = {http://dx.doi.org/10.1017/S0269888903000638},
	doi = {10.1017/S0269888903000638},
	acmid = {974906},
	publisher = {Cambridge University Press},
	address = {New York, NY, USA},
}

@book{Grossman2004,
	author = {Grossman, David A. and Frieder, Ophir},
	year = {2004},
	title = "Information Retrieval",
	publisher = "Springer Netherlands",
	booktitle= "Algorithms and Heuristics",
	edition = {2nd},
	series = "The Information Retrieval Series"
}

@book{Croft2010,
 author = {Croft, Bruce and Metzler, Donald and Strohman, Trevor},
 title = {Search Engines: Information Retrieval in Practice},
 year = {2009},
 isbn = {0136072240, 9780136072249},
 edition = {1st},
 publisher = {Addison-Wesley Publishing Company},
 address = {USA},
}

@book{Manning2008,
 author = {Manning, Christopher D. and Raghavan, Prabhakar and Sch\"{u}tze, Hinrich},
 title = {Introduction to Information Retrieval},
 year = {2008},
 isbn = {0521865719, 9780521865715},
 publisher = {Cambridge University Press},
 address = {New York, NY, USA},
} 

@book{Rijsbergen1979,
 author = {Rijsbergen, C. J. Van},
 title = {Information Retrieval},
 year = {1979},
 isbn = {0408709294},
 edition = {2nd},
 publisher = {Butterworth-Heinemann},
 address = {Newton, MA, USA},
} 

@book{Baeza-Yates1999,
 author = {Baeza-Yates, Ricardo and Ribeiro-Neto, Berthier},
 title = {Modern Information Retrieval: The Concepts and Technology Behind Search},
 year = {2008},
 isbn = {9780321416919},
 edition = {2nd},
 publisher = {Addison-Wesley Publishing Company},
 address = {USA},
} 

@article{Singhal2001,
	author = {Singhal, Amit},
	year = {2001},
	month = {01},
	pages = {35-43},
	title = {Modern Information Retrieval: A Brief Overview},
	volume = {24},
	booktitle = {IEEE Data Eng. Bull.},
}

@online{websearchhistory,
    author    = "Gary Price",
    title     = "Web Search History: Before Google Answers and Yahoo Answers There Was Answer Point From Ask Jeeves",
    url       = "https://searchenginewatch.com/sew/news/2060212/web-search-history-before-google-answers-yahoo-answers-there-was-answer-point-from-ask-jeeves",
    year = "2005"
}
